@article{lamy2017owlready,
  title={Owlready: Ontology-oriented programming in Python with automatic classification and high level constructs for biomedical ontologies},
  author={Lamy, Jean-Baptiste},
  journal={Artificial intelligence in medicine},
  volume={80},
  pages={11--28},
  year={2017},
  publisher={Elsevier}
}

@article{altinok2018ontology,
  title={An ontology-based dialogue management system for banking and finance dialogue systems},
  author={Altinok, Duygu},
  journal={arXiv preprint arXiv:1804.04838},
  year={2018}
}

@inproceedings{hepp2008goodrelations,
  title={Goodrelations: An ontology for describing products and services offers on the web},
  author={Hepp, Martin},
  booktitle={International conference on knowledge engineering and knowledge management},
  pages={329--346},
  year=2008,
  organization={Springer}
}

@inproceedings{you2018graphrnn,
  title={Graphrnn: Generating realistic graphs with deep auto-regressive models},
  author={You, Jiaxuan and Ying, Rex and Ren, Xiang and Hamilton, William and Leskovec, Jure},
  booktitle={International conference on machine learning},
  pages={5708--5717},
  year=2018,
  organization={PMLR}
}

@InProceedings{petko2021enhancedMetamodel,
author="Rutesic, Petko
and Radonjic-Simic, Mirjana
and Pfisterer, Dennis",
editor="Villaz{\'o}n-Terrazas, Boris
and Ortiz-Rodr{\'i}guez, Fernando
and Tiwari, Sanju
and Goyal, Ayush
and Jabbar, MA",
title="An Enhanced Meta-model to Generate Web Forms for Ontology Population",
booktitle="Knowledge Graphs and Semantic Web",
year=2021,
publisher="Springer International Publishing",
address="Cham",
pages="109--124",
abstract="The process of manually inserting data in ontology instances is usually a cumbersome activity. Editing complex domain ontologies using Prot{\'e}g{\'e} and similar tools requires expert knowledge. Despite exhaustive research in this area, the existing ontology population tools are still not user-friendly enough to simplify this activity for end-users. To facilitate this process, we propose an approach to design an ontology to serve as a meta-model for the generation of user interface models. The user interface models are used to create web applications with dialog-based HTML forms, which are eventually used to populate instances of OWL ontologies. Our meta-model includes several patterns used to generate programming control structures used to populate ontology instances. On the one hand, the meta-model describes user interfaces, and on the other hand, it describes the structure of the output ontology instance. We also show a prototype of a tool that loads a simple meta-model file and creates a single-page application that populates an ontology instance.",
isbn="978-3-030-91305-2"
}

@inproceedings{rutesic2021enhanced,
  title={An Enhanced Meta-model to Generate Web Forms for Ontology Population},
  author={Rutesic, Petko and Radonjic-Simic, Mirjana and Pfisterer, Dennis},
  booktitle={Iberoamerican Knowledge Graphs and Semantic Web Conference},
  pages={109--124},
  year={2021},
  organization={Springer}
}


@inproceedings{jin2018junction,
  title={Junction tree variational autoencoder for molecular graph generation},
  author={Jin, Wengong and Barzilay, Regina and Jaakkola, Tommi},
  booktitle={International conference on machine learning},
  pages={2323--2332},
  year={2018},
  organization={PMLR}
}

@article{kingma2013auto,
  title={Auto-encoding variational bayes},
  author={Kingma, Diederik P and Welling, Max},
  journal={arXiv preprint arXiv:1312.6114},
  year={2013}
}

@article{agarwal2020review,
  title={Review of state-of-the-art design techniques for chatbots},
  author={Agarwal, Ritu and Wadhwa, Mani},
  journal={SN Computer Science},
  volume={1},
  number={5},
  pages={246},
  year={2020},
  publisher={Springer}
}


@inproceedings{al2011ontbot,
  title={Ontbot: Ontology based chatbot},
  author={Al-Zubaide, Hadeel and Issa, Ayman A},
  booktitle={International Symposium on Innovations in Information and Communications Technology},
  pages={7--12},
  year={2011},
  organization={IEEE}
}

@book{wallace2009anatomy,
  title={The anatomy of ALICE},
  author={Wallace, Richard S},
  year=2009,
  publisher={Springer}
}

@article{ait2020kbot,
  title={KBot: A Knowledge graph based chatBot for natural language understanding over linked data},
  author={Ait-Mlouk, Addi and Jiang, Lili},
  journal={IEEE Access},
  volume={8},
  pages={149220--149230},
  year={2020},
  publisher={IEEE}
}

@inproceedings{turnip2019application,
  title={Application of ontology in semantic web searching of flight ticket as a study case},
  author={Turnip, Togu Novriansyah and Silalahi, Ephraim Kesaba and Sinulingga, Yuli Arantxa Vicario and Siregar, Valentina},
  booktitle={Journal of Physics: Conference Series},
  volume=1175,
  pages=012092,
  year=2019,
  organization={IOP Publishing}
}

@inproceedings{perez2020model,
  title={Model-driven chatbot development},
  author={P{\'e}rez-Soler, Sara and Guerra, Esther and De Lara, Juan},
  booktitle={Conceptual Modeling: 39th International Conference, ER 2020, Vienna, Austria, November 3--6, 2020, Proceedings 39},
  pages={207--222},
  year={2020},
  organization={Springer}
}

@article{bocklisch2017rasa,
  title={Rasa: Open source language understanding and dialogue management},
  author={Bocklisch, Tom and Faulkner, Joey and Pawlowski, Nick and Nichol, Alan},
  journal={arXiv preprint arXiv:1712.05181},
  year={2017}
}

@misc{radonjic2020arising,
  title={Arising Internet of Everything: Business Modeling and Architecture for Smart Cities in Recent Developments in Engineering Research Vol. 8 Chapter: 7},
  author={Radonjic-Simic, Mirjana and Pfisterer, Dennis and Rutesic, Petko},
  year={2020},
  publisher={Book Publisher International (a part of SCIENCEDOMAIN International)}
}

@inproceedings{hitz2016generic,
  title={Generic UIs for requesting complex products within distributed market spaces in the internet of everything},
  author={Hitz, Michael and Radonjic-Simic, Mirjana and Reichwald, Julian and Pfisterer, Dennis},
  booktitle={Availability, Reliability, and Security in Information Systems: IFIP WG 8.4, 8.9, TC 5 International Cross-Domain Conference, CD-ARES 2016, and Workshop on Privacy Aware Machine Learning for Health Data Science, PAML 2016, Salzburg, Austria, August 31-September 2, 2016, Proceedings},
  pages={29--44},
  year={2016},
  organization={Springer}
}
